@mastersthesis{MSc,
	school = {{Universität Tübingen, Germany}},
	author = {Hekhorn, Felix},
	title = {{Sub-leading Terms in Heavy Quark Soft Gluon Resummation}},
	year = {2015},
	tags = "Resummation"
}

@book{TablesOfIntegralTransforms,
	publisher = {{McGraw-Hill}},
	series = {{Bateman manuscript project}},
	author = {Project, Bateman Manuscript and Bateman, H. and Erdélyi, A. and Research, United States. Office of Naval},
	title = {{Tables of Integral Transforms: Based, in Part, on Notes Left by Harry Bateman}},
	number = {Bd. 1},
	year = {1954},
}

@article{CataniMP,
	Issn = {{0550-3213}},
	Keywords = {{QCD; Top; Drell-Yan; Jets; Renormalons; Resummation; Threshold }},
	author = {Catani, Stefano and Mangano, Michelangelo L. and Nason, Paolo and Trentadue, Luca},
	title = {{The resummation of soft gluons in hadronic collisions}},
	journal = {{Nuclear Physics B }},
	volume = {478},
	number = {1–2},
	pages = {273-310},
	year = {1996},
	doi = {10.1016/0550-3213(96)00399-9},
}

