% This file was created with JabRef 2.10.
% Encoding: UTF-8


@MastersThesis{hekhorn_sub-leading_2015,
  Title                    = {Sub-leading {Terms} in {Heavy} {Quark} {Soft} {Gluon} {Resummation}},
  Author                   = {Hekhorn, Felix},
  School                   = {Universität Tübingen, Germany},
  Year                     = {2015},

  File                     = {Report_final.pdf:/home/Felix/Physik/PhD/ref/Report_final.pdf:application/pdf},
  Keywords                 = {Hadroproduction, Heavy Quark, Photoproduction, Resummation}
}

