@article{Hekhorn:2018ywm,
      author         = "Hekhorn, Felix and Stratmann, Marco",
      title          = "{Next-to-Leading Order QCD Corrections to Inclusive
                        Heavy-Flavor Production in Polarized Deep-Inelastic
                        Scattering}",
      year           = "2018",
      eprint         = "1805.09026",
      archivePrefix  = "arXiv",
      primaryClass   = "hep-ph",
      SLACcitation   = "%%CITATION = ARXIV:1805.09026;%%"
}
@article{Altarelli:1977zs,
      author         = "Altarelli, Guido and Parisi, G.",
      title          = "{Asymptotic Freedom in Parton Language}",
      journal        = "Nucl. Phys.",
      volume         = "B126",
      year           = "1977",
      pages          = "298-318",
      doi            = "10.1016/0550-3213(77)90384-4",
      reportNumber   = "LPTENS-77-6",
      SLACcitation   = "%%CITATION = NUPHA,B126,298;%%"
}
@article{Patrignani:2016xqp,
      author         = "Patrignani, C. and others",
      title          = "{Review of Particle Physics}",
      collaboration  = "Particle Data Group",
      journal        = "Chin. Phys.",
      volume         = "C40",
      year           = "2016",
      number         = "10",
      pages          = "100001",
      doi            = "10.1088/1674-1137/40/10/100001",
      SLACcitation   = "%%CITATION = CHPHD,C40,100001;%%"
}
@article{Laenen1993162,
	title = "Complete {$O(\alpha_S)$} corrections to heavy-flavour structure functions in electroproduction ",
	journal = "Nuclear Physics B ",
	volume = "392",
	number = "1",
	pages = "162 - 228",
	year = "1993",
	note = "",
	issn = "0550-3213",
	doi = "http://dx.doi.org/10.1016/0550-3213(93)90201-Y",
	url = "http://www.sciencedirect.com/science/article/pii/055032139390201Y",
	author = "E. Laenen and S. Riemersma and J. Smith and W.L. van Neerven"
}
@phdthesis{Bojak:2000eu,
      author         = "Bojak, Ingo",
      title          = "NLO QCD corrections to the polarized photoproduction and
                        hadroproduction of heavy quarks",
      school         = "Dortmund U.",
      year           = "2000",
      eprint         = "hep-ph/0005120",
      archivePrefix  = "arXiv",
      primaryClass   = "hep-ph",
      reportNumber   = "DO-TH-2000-09",
      SLACcitation   = "%%CITATION = HEP-PH/0005120;%%"
}
